<record><leader>00000cas a2200000 a 4500</leader><controlfield tag="001">12072673</controlfield><controlfield tag="008">850523d18811881ksuwr ne      0    0eng d</controlfield><datafield ind1=" " ind2=" " tag="010"><subfield code="a">sn 85030374 </subfield></datafield><datafield ind1=" " ind2=" " tag="040"><subfield code="a">KSH</subfield><subfield code="b">eng</subfield><subfield code="c">KSH</subfield><subfield code="d">NPT</subfield><subfield code="d">OCL</subfield><subfield code="d">OCLCQ</subfield></datafield><datafield ind1=" " ind2=" " tag="042"><subfield code="a">msc</subfield></datafield><datafield ind1="0" ind2="4" tag="245"><subfield code="a">The Mitchell County key.</subfield></datafield><datafield ind1=" " ind2=" " tag="260"><subfield code="a">Glen Elder, Kan. :</subfield><subfield code="b">Geo. E. Daugherty,</subfield><subfield code="c">1881-</subfield></datafield><datafield ind1=" " ind2=" " tag="300"><subfield code="a">v. ;</subfield><subfield code="c">53 cm.</subfield></datafield><datafield ind1=" " ind2=" " tag="310"><subfield code="a">Weekly</subfield></datafield><datafield ind1="0" ind2=" " tag="362"><subfield code="a">Vol. 1, no. 51 (Jan. 1, 1881)-</subfield></datafield><datafield ind1="1" ind2=" " tag="362"><subfield code="a">Ceased in 1881?</subfield></datafield><datafield ind1=" " ind2=" " tag="500"><subfield code="a">"Republican."</subfield></datafield><datafield ind1=" " ind2=" " tag="752"><subfield code="a">United States</subfield><subfield code="b">Kansas</subfield><subfield code="c">Mitchell</subfield><subfield code="d">Glen Elder.</subfield></datafield><datafield ind1="0" ind2="0" tag="780"><subfield code="t">Glen Elder key</subfield><subfield code="w">(DLC)sn 85030373</subfield></datafield><datafield ind1="0" ind2="0" tag="785"><subfield code="t">Osborne County key</subfield><subfield code="w">(DLC)sn 85029431</subfield></datafield></record>